@report{naps62sort,
	title={Parallel Radix Sort - OpenMP and MPI analysis and comparison},
	author={Miguel Palhas},
	year={2012}
}

@manual{tbbstart,
	title={Intel Threading Building Blocks - Getting Started Guide},
	author={Intel},
	url={http://threadingbuildingblocks.org/uploads/81/91/Latest%20Open%20Source%20Documentation/Getting_Started.pdf}
}

@manual{tbbtutorial,
	title={Intel Threading Building Blocks - Tutorial},
	author={Intel},
	url={http://threadingbuildingblocks.org/uploads/81/91/Latest%20Open%20Source%20Documentation/Tutorial.pdf}
}

@manual{tbbref,
	title={Intel Threading Building Blocks - Reference Manual},
	author={Intel},
	url={http://threadingbuildingblocks.org/uploads/81/91/Latest%20Open%20Source%20Documentation/Reference.pdf}
}

@manual{tbbdesign,
	title={OpenMP Application Program Interface},
	author={OpenMP},
	url={http://www.openmp.org/mp-documents/OpenMP3.1.pdf}
}

@manual{xeon5600,
	title = {Intel{\textregistered} Xeon{\textregistered} Processor 5600 Series Datasheet Volume 1},
	organization = {Intel},
	month = {June},
	year = {2011},
	note = {Revision 002},
	pages = {11--12},
	url = {http://www.intel.com/content/dam/www/public/us/en/documents/datasheets/xeon-5600-vol-1-datasheet.pdf},
}